@inbook{luria1995higher,
	author	= "A. R. Luriaa",
	editor	= "",
	title	= "Higher Cortical Functions in Man",
	publisher= "Springer",
	year	= "1995"
}

@mastersthesis{kozhenkina2016luria,
    author    = "Julia Kozhenkina",
    title     = "Quantitative Analysis Of The Kinematic Features For The Luria’s Alternating Series Test",
    school    = "Tallinn University of Technology",
    year      = {2016},
    type     = "Master thesis",
}

@mastersthesis{masarov2017clock,
    author    = "Ilja Mašarov",
    title     = "Digital Clock Drawing Test Implementation and Analysis",
    school    = "Tallinn University of Technology",
    year      = {2017},
    type     = "Master thesis",
}

@Inbook{luria2,
	author="John R Hodges",
	title="Cognitive Assessment for Clinicians Second Edition",
	bookTitle="Cognitive Assessment for Clinicians Second Edition",
	year="2007",
	publisher="Oxford Medicine"
}

@INPROCEEDINGS{luria3,
	author={Sven N{\~o}mm and Aaro Toomela and Julia Kozhenkina and Toomas Toomsoo},
	title={Quantitative Analysis in the Digital Luria’s Alternating Series Tests},
	year={2016},
	pages={Accepted},
	publisher = {The 14th International Conference on Control, Automation, Robotics and Vision)}
}

% --------------

@article{rosenblum2013handwriting,
  title={Handwriting as an objective tool for Parkinson’s disease diagnosis},
  author={Rosenblum, Sara and Samuel, Margalit and Zlotnik, Sharon and Erikh, Ilana and Schlesinger, Ilana},
  journal={Journal of neurology},
  volume={260},
  number={9},
  pages={2357--2361},
  year={2013},
  publisher={Springer}
}

@inproceedings{chen2016xgboost,
  title={Xgboost: A scalable tree boosting system},
  author={Chen, Tianqi and Guestrin, Carlos},
  booktitle={Proceedings of the 22nd acm sigkdd international conference on knowledge discovery and data mining},
  pages={785--794},
  year={2016},
  organization={ACM}
}

@inproceedings{ribeiro2016should,
  title={Why should i trust you?: Explaining the predictions of any classifier},
  author={Ribeiro, Marco Tulio and Singh, Sameer and Guestrin, Carlos},
  booktitle={Proceedings of the 22nd ACM SIGKDD International Conference on Knowledge Discovery and Data Mining},
  pages={1135--1144},
  year={2016},
  organization={ACM}
}

@article{montavon2017methods,
  title={Methods for interpreting and understanding deep neural networks},
  author={Montavon, Gr{\'e}goire and Samek, Wojciech and M{\"u}ller, Klaus-Robert},
  journal={Digital Signal Processing},
  year={2017},
  publisher={Elsevier}
}


@incollection{palczewska2014interpreting,
  title={Interpreting random forest classification models using a feature contribution method},
  author={Palczewska, Anna and Palczewski, Jan and Robinson, Richard Marchese and Neagu, Daniel},
  booktitle={Integration of reusable systems},
  pages={193--218},
  year={2014},
  publisher={Springer}
}

@inproceedings{an1,
 author = {Chan, Philip K. and Mahoney, Matthew V.},
 title = {Modeling Multiple Time Series for Anomaly Detection},
 booktitle = {Proceedings of the Fifth IEEE International Conference on Data Mining},
 series = {ICDM '05},
 year = {2005},
 isbn = {0-7695-2278-5},
 pages = {90--97},
 numpages = {8},
 url = {http://dx.doi.org/10.1109/ICDM.2005.101},
 doi = {10.1109/ICDM.2005.101},
 acmid = {1106335},
 publisher = {IEEE Computer Society},
 address = {Washington, DC, USA},
} 

@article{zhang2017sliding,
  title={Sliding window-based fault detection from high-dimensional data streams},
  author={Zhang, Liangwei and Lin, Jing and Karim, Ramin},
  journal={IEEE Transactions on Systems, Man, and Cybernetics: Systems},
  volume={47},
  number={2},
  pages={289--303},
  year={2017},
  publisher={IEEE}
}

@article{korner2012simple,
  title={Simple scoring of the clock-drawing test for dementia screening},
  author={Korner, Ejnar Alex and Lauritzen, Lise and Nilsson, Flemming M{\o}rkeberg and Lolk, Annette and Christensen, Peder},
  journal={Dan Med J},
  volume={59},
  number={1},
  pages={A4365},
  year={2012}
}

@article{brodaty1997clock,
  title={The Clock Drawing Test for dementia of the Alzheimer's type: A comparison of three scoring methods in a memory disorders clinic},
  author={Brodaty, Henry and Moore, Cressida M},
  journal={International journal of geriatric psychiatry},
  volume={12},
  number={6},
  pages={619--627},
  year={1997},
  publisher={Wiley Online Library}
}

@article{souillard2016learning,
  title={Learning classification models of cognitive conditions from subtle behaviors in the digital clock drawing test},
  author={Souillard-Mandar, William and Davis, Randall and Rudin, Cynthia and Au, Rhoda and Libon, David J and Swenson, Rodney and Price, Catherine C and Lamar, Melissa and Penney, Dana L},
  journal={Machine learning},
  volume={102},
  number={3},
  pages={393--441},
  year={2016},
  publisher={Springer}
}

@inproceedings{drotar2015contribution,
  title={Contribution of different handwriting modalities to differential diagnosis of Parkinson's disease},
  author={Drot{\'a}r, Peter and Mekyska, Ji{\v{r}}{\'\i} and Sm{\'e}kal, Zden{\v{e}}k and Rektorov{\'a}, Irena and Masarov{\'a}, Lucia and Faundez-Zanuy, Marcos},
  booktitle={Medical Measurements and Applications (MeMeA), 2015 IEEE International Symposium on},
  pages={344--348},
  year={2015},
  organization={IEEE}
}

@article{drotar2015decision,
  title={Decision support framework for parkinson’s disease based on novel handwriting markers},
  author={Drot{\'a}r, Peter and Mekyska, Ji{\v{r}}{\'\i} and Rektorov{\'a}, Irena and Masarov{\'a}, Lucia and Sm{\'e}kal, Zden{\v{e}}k and Faundez-Zanuy, Marcos},
  journal={IEEE Transactions on Neural Systems and Rehabilitation Engineering},
  volume={23},
  number={3},
  pages={508--516},
  year={2015},
  publisher={IEEE}
}

@article{drotar2016evaluation,
  title={Evaluation of handwriting kinematics and pressure for differential diagnosis of Parkinson's disease},
  author={Drot{\'a}r, Peter and Mekyska, Ji{\v{r}}{\'\i} and Rektorov{\'a}, Irena and Masarov{\'a}, Lucia and Sm{\'e}kal, Zden{\v{e}}k and Faundez-Zanuy, Marcos},
  journal={Artificial intelligence in Medicine},
  volume={67},
  pages={39--46},
  year={2016},
  publisher={Elsevier}
}

@inproceedings{drotar2013new,
  title={A new modality for quantitative evaluation of Parkinson's disease: In-air movement},
  author={Drot{\'a}r, Peter and Mekyska, Jiri and Rektorov{\'a}, Irena and Masarov{\'a}, Lucia and Sm{\'e}kal, Zdenek and Faundez-Zanuy, Marcos},
  booktitle={Bioinformatics and Bioengineering (BIBE), 2013 IEEE 13th International Conference on},
  pages={1--4},
  year={2013},
  organization={IEEE}
}

@article{slavin1999consistency,
  title={Consistency of handwriting movements in dementia of the Alzheimer's type: a comparison with Huntington's and Parkinson's diseases},
  author={Slavin, Melissa J and Phillips, James G and Bradshaw, John L and Hall, Kathryn A and Presnell, Ian},
  journal={Journal of the International Neuropsychological Society},
  volume={5},
  number={1},
  pages={20--25},
  year={1999},
  publisher={Cambridge University Press}
}

@article{smits2014standardized,
  title={Standardized handwriting to assess bradykinesia, micrographia and tremor in Parkinson's disease},
  author={Smits, Esther J and Tolonen, Antti J and Cluitmans, Luc and van Gils, Mark and Conway, Bernard A and Zietsma, Rutger C and Leenders, Klaus L and Maurits, Natasha M},
  journal={PloS one},
  volume={9},
  number={5},
  pages={e97614},
  year={2014},
  publisher={Public Library of Science}
}

@article{teulings1991control,
  title={Control of stroke size, peak acceleration, and stroke duration in Parkinsonian handwriting},
  author={Teulings, Hans-Leo and Stelmach, George E},
  journal={Human Movement Science},
  volume={10},
  number={2},
  pages={315--334},
  year={1991},
  publisher={Elsevier}
}

@article{van2001parkinsonian,
  title={Parkinsonian patients reduce their stroke size with increased processing demands},
  author={Van Gemmert, Arend WA and Teulings, Hans-Leo and Stelmach, George E},
  journal={Brain and cognition},
  volume={47},
  number={3},
  pages={504--512},
  year={2001},
  publisher={Elsevier}
}

@article{raudmann2014handwriting,
  title={Handwriting speed and size in individuals with Parkinson’s disease compared to healthy controls: the possible effect of cueing},
  author={Raudmann, Mari and Taba, Pille and Medijainen, Kadri},
  journal={Acta Kinesiologiae Universitatis Tartuensis},
  volume={20},
  pages={40--47},
  year={2014}
}

@article{shukla2012micrographia,
  title={Micrographia and related deficits in Parkinson9s disease: a cross-sectional study},
  author={Shukla, Aparna Wagle and Ounpraseuth, Songthip and Okun, Michael S and Gray, Vickie and Schwankhaus, John and Metzer, Walter Steven},
  journal={BMJ open},
  volume={2},
  number={3},
  pages={e000628},
  year={2012},
  publisher={British Medical Journal Publishing Group}
}

@article{letanneux2014micrographia,
  title={From micrographia to Parkinson's disease dysgraphia},
  author={Letanneux, Alban and Danna, Jeremy and Velay, Jean-Luc and Viallet, Fran{\c{c}}ois and Pinto, Serge},
  journal={Movement Disorders},
  volume={29},
  number={12},
  pages={1467--1475},
  year={2014},
  publisher={Wiley Online Library}
}

@article{moustafa2016motor,
  title={Motor symptoms in Parkinson’s disease: A unified framework},
  author={Moustafa, Ahmed A and Chakravarthy, Srinivasa and Phillips, Joseph R and Gupta, Ankur and Keri, Szabolcs and Polner, Bertalan and Frank, Michael J and Jahanshahi, Marjan},
  journal={Neuroscience \& Biobehavioral Reviews},
  volume={68},
  pages={727--740},
  year={2016},
  publisher={Elsevier}
}

@misc{pinto2015handwriting,
  title={Handwriting as a marker for PD progression: a shift in paradigm},
  author={Pinto, Serge and Velay, Jean-Luc},
  year={2015},
  publisher={Future Medicine}
}

@article{aghanavesi2017smartphone,
  title={A smartphone-based system to quantify dexterity in Parkinson's disease patients},
  author={Aghanavesi, Somayeh and Nyholm, Dag and Senek, Marina and Bergquist, Filip and Memedi, Mevludin},
  journal={Informatics in Medicine Unlocked},
  volume={9},
  pages={11--17},
  year={2017},
  publisher={Elsevier}
}

@inproceedings{pereira2016deep,
  title={Deep Learning-Aided Parkinson's Disease Diagnosis from Handwritten Dynamics},
  author={Pereira, Clayton R and Weber, Silke AT and Hook, Christian and Rosa, Gustavo H and Papa, Jo{\~a}o P},
  booktitle={Graphics, Patterns and Images (SIBGRAPI), 2016 29th SIBGRAPI Conference on},
  pages={340--346},
  year={2016},
  organization={IEEE}
}

@article{nackaerts2017validity,
  title={Validity and reliability of a new tool to evaluate handwriting difficulties in Parkinson’s disease},
  author={Nackaerts, Evelien and Heremans, Elke and Smits-Engelsman, Bouwien CM and Broeder, Sanne and Vandenberghe, Wim and Bergmans, Bruno and Nieuwboer, Alice},
  journal={PloS one},
  volume={12},
  number={3},
  pages={e0173157},
  year={2017},
  publisher={Public Library of Science}
}

@article{san2016digitized,
  title={Digitized Spiral Drawing: A Possible Biomarker for Early Parkinson’s Disease},
  author={San Luciano, Marta and Wang, Cuiling and Ortega, Roberto A and Yu, Qiping and Boschung, Sarah and Soto-Valencia, Jeannie and Bressman, Susan B and Lipton, Richard B and Pullman, Seth and Saunders-Pullman, Rachel},
  journal={PloS one},
  volume={11},
  number={10},
  pages={e0162799},
  year={2016},
  publisher={Public Library of Science}
}

@article{zham2017distinguishing,
  title={Distinguishing different stages of Parkinson’s disease using composite index of speed and pen-pressure of sketching a spiral},
  author={Zham, Poonam and Kumar, Dinesh K and Dabnichki, Peter and Poosapadi Arjunan, Sridhar and Raghav, Sanjay},
  journal={Frontiers in Neurology},
  volume={8},
  pages={435},
  year={2017},
  publisher={Frontiers}
}

% Poppelreuter

@inproceedings{nomm2016recognition,
  title={Recognition and Analysis of the Contours Drawn during the Poppelreuter's Test},
  author={N{\~o}mm, Sven and Bard{\~o}{\v{s}}, Konstantin and Ma{\v{s}}arov, Ilja and Kozhenkina, Julia and Toomela, Aaro and Toomsoo, Toomas},
  booktitle={Machine Learning and Applications (ICMLA), 2016 15th IEEE International Conference on},
  pages={170--175},
  year={2016},
  organization={IEEE}
}

@inproceedings{nomm2016quantitative,
  title={Quantitative analysis in the digital Luria's alternating series tests},
  author={N{\~o}mm, Sven and Toomela, Aaro and Kozhenkina, Julia and Toomsoo, Toomas},
  booktitle={Control, Automation, Robotics and Vision (ICARCV), 2016 14th International Conference on},
  pages={1--6},
  year={2016},
  organization={IEEE}
}


@article{sala1995poppelreuter,
  title={Poppelreuter-Ghent's overlapping figures test: its sensitivity to age, and its clinical use},
  author={Sala, Sergio Della and Laiacona, Marcella and Trivelli, Cristina and Spinnler, Hans},
  journal={Archives of Clinical Neuropsychology},
  volume={10},
  number={6},
  pages={511--534},
  year={1995},
  publisher={Elsevier}
}

@article{sisti2017computerized,
  title={Computerized spiral analysis using the iPad},
  author={Sisti, Jonathan A and Christophe, Brandon and Seville, Audrey Rakovich and Garton, Andrew LA and Gupta, Vivek P and Bandin, Alexander J and Yu, Qiping and Pullman, Seth L},
  journal={Journal of neuroscience methods},
  volume={275},
  pages={50--54},
  year={2017},
  publisher={Elsevier}
}



% References - other

@inproceedings{zaarour2017automatic,
  title={Automatic Anomaly Detection over Sliding Windows: Grand Challenge},
  author={Zaarour, Tarek and Pavlopoulou, Niki and Hasan, Souleiman and Curry, Edward and others},
  booktitle={Proceedings of the 11th ACM International Conference on Distributed and Event-based Systems},
  pages={310--314},
  year={2017},
  organization={ACM}
}

@article{dietterich2002machine,
  title={Machine learning for sequential data: A review},
  author={Dietterich, Thomas},
  journal={Structural, syntactic, and statistical pattern recognition},
  pages={227--246},
  year={2002},
  publisher={Springer}
}

@article{hammond2011recognizing,
  title={Recognizing sketched multistroke primitives},
  author={Hammond, Tracy and Paulson, Brandon},
  journal={ACM Transactions on Interactive Intelligent Systems (TiiS)},
  volume={1},
  number={1},
  pages={4},
  year={2011},
  publisher={ACM}
}

@inproceedings{lee2008trajectory,
  title={Trajectory outlier detection: A partition-and-detect framework},
  author={Lee, Jae-Gil and Han, Jiawei and Li, Xiaolei},
  booktitle={Data Engineering, 2008. ICDE 2008. IEEE 24th International Conference on},
  pages={140--149},
  year={2008},
  organization={IEEE}
}

@inproceedings{shi1994good,
  title={Good features to track},
  author={Shi, Jianbo and others},
  booktitle={Computer Vision and Pattern Recognition, 1994. Proceedings CVPR'94., 1994 IEEE Computer Society Conference on},
  pages={593--600},
  year={1994},
  organization={IEEE}
}

@article{hochreiter1997long,
  title={Long short-term memory},
  author={Hochreiter, Sepp and Schmidhuber, J{\"u}rgen},
  journal={Neural computation},
  volume={9},
  number={8},
  pages={1735--1780},
  year={1997},
  publisher={MIT Press}
}

@article{kalchbrenner2015grid,
  title={Grid long short-term memory},
  author={Kalchbrenner, Nal and Danihelka, Ivo and Graves, Alex},
  journal={arXiv preprint arXiv:1507.01526},
  year={2015}
}

@article{chandola2009anomaly,
  title={Anomaly detection: A survey},
  author={Chandola, Varun and Banerjee, Arindam and Kumar, Vipin},
  journal={ACM computing surveys (CSUR)},
  volume={41},
  number={3},
  pages={15},
  year={2009},
  publisher={ACM}
}

@book{aggarwal2015data,
  title={Data mining: the textbook},
  author={Aggarwal, Charu C},
  year={2015},
  publisher={Springer}
}

@book{duda2012pattern,
  title={Pattern classification},
  author={Duda, Richard O and Hart, Peter E and Stork, David G},
  year={2012},
  publisher={John Wiley \& Sons}
}

@book{schapire2012boosting,
  title={Boosting: Foundations and algorithms},
  author={Schapire, Robert E and Freund, Yoav},
  year={2012},
  publisher={MIT press}
}

@inproceedings{ho1995random,
  title={Random decision forests},
  author={Ho, Tin Kam},
  booktitle={Document analysis and recognition, 1995., proceedings of the third international conference on},
  volume={1},
  pages={278--282},
  year={1995},
  organization={IEEE}
}


@article{golden1978diagnostic,
  title={Diagnostic validity of a standardized neuropsychological battery derived from Luria's neuropsychological tests.},
  author={Golden, Charles J and Hammeke, Thomas A and Purisch, Arnold D},
  journal={Journal of consulting and clinical psychology},
  volume={46},
  number={6},
  pages={1258},
  year={1978},
  publisher={American Psychological Association}
}

@article{li2018independently,
  title={Independently Recurrent Neural Network (IndRNN): Building A Longer and Deeper RNN},
  author={Li, Shuai and Li, Wanqing and Cook, Chris and Zhu, Ce and Gao, Yanbo},
  journal={arXiv preprint arXiv:1803.04831},
  year={2018}
}

@inproceedings{harris1988combined,
  title={A combined corner and edge detector.},
  author={Harris, Chris and Stephens, Mike},
  booktitle={Alvey vision conference},
  volume={15},
  number={50},
  pages={10--5244},
  year={1988},
  organization={Citeseer}
}

@article{cheng1995mean,
  title={Mean shift, mode seeking, and clustering},
  author={Cheng, Yizong},
  journal={IEEE transactions on pattern analysis and machine intelligence},
  volume={17},
  number={8},
  pages={790--799},
  year={1995},
  publisher={IEEE}
}

@inproceedings{ester1996density,
  title={Density-based spatial clustering of applications with noise},
  author={Ester, Martin and Kriegel, Hans-Peter and Sander, J{\"o}rg and Xu, Xiaowei},
  booktitle={Int. Conf. Knowledge Discovery and Data Mining},
  volume={240},
  year={1996}
}

@inproceedings{malhotra2015long,
  title={Long short term memory networks for anomaly detection in time series},
  author={Malhotra, Pankaj and Vig, Lovekesh and Shroff, Gautam and Agarwal, Puneet},
  booktitle={Proceedings},
  pages={89},
  year={2015},
  organization={Presses universitaires de Louvain}
}